<?xml version="1.0" encoding="utf-8"?>
<record xmlns="http://www.loc.gov/MARC21/slim" xmlns:xsi="http://www.w3.org/2001/XMLSchema-instance" xsi:schemaLocation="http://www.loc.gov/MARC21/slim http://www.loc.gov/standards/marcxml/schema/MARC21slim.xsd">
	<leader>
		01758nam a2200337   4500
	</leader>
	<controlfield tag="001">
		000765349
	</controlfield>
	<controlfield tag="003">
		NNU
	</controlfield>
	<controlfield tag="006">
		m        d        
	</controlfield>
	<controlfield tag="007">
		cr cn |||m|||a
	</controlfield>
	<controlfield tag="008">
		160223s1962    iq ah   o    f000 0 ara d
	</controlfield>
	<datafield ind1=" " ind2=" " tag="040">
		<subfield code="a">
			NNU
		</subfield>
		<subfield code="b">
			eng
		</subfield>
		<subfield code="c">
			NNU
		</subfield>
	</datafield>
	<datafield ind1=" " ind2=" " tag="066">
		<subfield code="c">
			(3
		</subfield>
		<subfield code="c">
			(4
		</subfield>
	</datafield>
	<datafield ind1=" " ind2=" " tag="090">
		<subfield code="a">
			PJ7737
		</subfield>
		<subfield code="b">
			.A9
		</subfield>
	</datafield>
	<datafield ind1="1" ind2=" " tag="100">
		<subfield code="6">
			880-01
		</subfield>
		<subfield code="a">
			ʻAwwād, Mīkhāʼīl.
		</subfield>
	</datafield>
	<datafield ind1="1" ind2="0" tag="245">
		<subfield code="6">
			880-02
		</subfield>
		<subfield code="a">
			Alf laylah wa-laylah
		</subfield>
		<subfield code="h">
			[electronic resource] :
		</subfield>
		<subfield code="b">
			mirʼāt al-ḥaḍārah wa-al-mujtamaʻ fī al-ʻaṣr al-Islāmī /
		</subfield>
		<subfield code="c">
			taʼlīf Mīkhāʼīl ʻAwwād.
		</subfield>
	</datafield>
	<datafield ind1=" " ind2=" " tag="260">
		<subfield code="6">
			880-03
		</subfield>
		<subfield code="a">
			[Baghdād] :
		</subfield>
		<subfield code="b">
			Mudīrīyat al-Funūn wa-al-Thaqāfah al-Shaʻbi̲yah bi-Wizārat al-Irshād,
		</subfield>
		<subfield code="c">
			1962.
		</subfield>
	</datafield>
	<datafield ind1=" " ind2=" " tag="300">
		<subfield code="a">
			online resource (66 p.) :
		</subfield>
		<subfield code="b">
			ill., facsims.
		</subfield>
	</datafield>
	<datafield ind1="0" ind2=" " tag="490">
		<subfield code="6">
			880-04
		</subfield>
		<subfield code="a">
			Silsilat al-thaqafah al-shaʻbīyah ;
		</subfield>
		<subfield code="v">
			46
		</subfield>
	</datafield>
	<datafield ind1=" " ind2=" " tag="500">
		<subfield code="a">
			Part of the Arabic Collections Online (ACO) project, contributed by New York Univeristy Libraries.
		</subfield>
	</datafield>
	<datafield ind1=" " ind2=" " tag="533">
		<subfield code="a">
			Electronic reproduction.
		</subfield>
		<subfield code="b">
			New York, N.Y. :
		</subfield>
		<subfield code="c">
			New York University,
		</subfield>
		<subfield code="d">
			2016.
		</subfield>
		<subfield code="5">
			NNU
		</subfield>
	</datafield>
	<datafield ind1="0" ind2="0" tag="630">
		<subfield code="a">
			Arabian nights.
		</subfield>
	</datafield>
	<datafield ind1="2" ind2=" " tag="710">
		<subfield code="a">
			New York University.
		</subfield>
		<subfield code="b">
			Libraries.
		</subfield>
	</datafield>
	<datafield ind1="0" ind2=" " tag="730">
		<subfield code="a">
			Arabic Collections Online.
		</subfield>
	</datafield>
	<datafield ind1="0" ind2="8" tag="776">
		<subfield code="i">
			Print version:
		</subfield>
		<subfield code="a">
			ʻAwwād, Mīkhāʼīl.
		</subfield>
		<subfield code="t">
			Alf laylah wa-laylah
		</subfield>
		<subfield code="w">
			(NNU)000765349
		</subfield>
	</datafield>
	<datafield ind1="4" ind2="0" tag="856">
		<subfield code="u">
			http://hdl.handle.net/2333.1/hqbzkmc5
		</subfield>
	</datafield>
	<datafield ind1="1" ind2=" " tag="880">
		<subfield code="6">
			100-01/
		</subfield>
		<subfield code="a">
			عواد،ميخائيل.
		</subfield>
	</datafield>
	<datafield ind1="1" ind2="0" tag="880">
		<subfield code="6">
			245-02/
		</subfield>
		<subfield code="a">
			الف ليلة وليلة :
		</subfield>
		<subfield code="b">
			مرآة الحضارة والمجتمع في العصر الإسلامي /
		</subfield>
		<subfield code="c">
			تأليف ميخائيل عواد.
		</subfield>
	</datafield>
	<datafield ind1=" " ind2=" " tag="880">
		<subfield code="6">
			260-03/
		</subfield>
		<subfield code="a">
			[بغداد] :
		</subfield>
		<subfield code="b">
			مديرية الفنون والثقافة الشعبية بوزارة الإرشاد،
		</subfield>
		<subfield code="c">
			١٩٦٢.
		</subfield>
	</datafield>
	<datafield ind1="0" ind2=" " tag="880">
		<subfield code="6">
			490-04/
		</subfield>
		<subfield code="a">
			سلسلة الثقافة الشعبية ؛
		</subfield>
		<subfield code="v">
			٤٦
		</subfield>
	</datafield>
	<datafield ind1=" " ind2=" " tag="959">
		<subfield code="a">
			NNU
		</subfield>
		<subfield code="b">
			WEB
		</subfield>
		<subfield code="c">
			GENI
		</subfield>
		<subfield code="t">
			0
		</subfield>
		<subfield code="m">
			Electronic access
		</subfield>
		<subfield code="s">
			01
		</subfield>
	</datafield>
	<datafield ind1=" " ind2=" " tag="999">
		<subfield code="i">
			NNU_000765349
		</subfield>
		<subfield code="s">
			nyu_aco001857
		</subfield>
		<subfield code="e">
			(ERROR-SERIES)
		</subfield>
	</datafield>
</record>
